@article{Balaskas2022UnderstandingUP,
  title   = {Understanding users perspectives on mobile apps for anxiety management},
  author  = {Andreas Balaskas and Stephen Matthew Schueller and Anna Louise Cox and Gavin Doherty},
  journal = {Frontiers in Digital Health},
  year    = {2022},
  volume  = {4}
}

@article{BARTH20171038,
  title   = {The privacy paradox – Investigating discrepancies between expressed privacy concerns and actual online behavior – A systematic literature review},
  journal = {Telematics and Informatics},
  volume  = {34},
  number  = {7},
  pages   = {1038-1058},
  year    = {2017},
  issn    = {0736-5853},
  doi     = {https://doi.org/10.1016/j.tele.2017.04.013},
  url     = {https://www.sciencedirect.com/science/article/pii/S0736585317302022},
  author  = {Susanne Barth and Menno D.T. {de Jong}}
}

@article{bradburn1987answering,
  title     = {Answering autobiographical questions: The impact of memory and inference on surveys},
  author    = {Bradburn, Norman M and Rips, Lance J and Shevell, Steven K},
  journal   = {Science},
  volume    = {236},
  number    = {4798},
  pages     = {157--161},
  year      = {1987},
  publisher = {American Association for the Advancement of Science}
}

@article{bradley1994measuring,
  title     = {Measuring emotion: the self-assessment manikin and the semantic differential},
  author    = {Bradley, Margaret M and Lang, Peter J},
  journal   = {Journal of behavior therapy and experimental psychiatry},
  volume    = {25},
  number    = {1},
  pages     = {49--59},
  year      = {1994},
  publisher = {Elsevier}
}


@inproceedings{caldeira2017mobile,
  title={Mobile apps for mood tracking: an analysis of features and user reviews},
  author={Caldeira, Clara and Chen, Yu and Chan, Lesley and Pham, Vivian and Chen, Yunan and Zheng, Kai},
  booktitle={AMIA Annual Symposium Proceedings},
  volume={2017},
  pages={495},
  year={2017},
  organization={American Medical Informatics Association}
}



@article{drake2013assessing,
  title     = {Assessing your mood online: acceptability and use of Moodscope},
  author    = {Drake, G and Csipke, E and Wykes, T},
  journal   = {Psychological medicine},
  volume    = {43},
  number    = {7},
  pages     = {1455--1464},
  year      = {2013},
  publisher = {Cambridge University Press}
}

@article{hiraga2019effects,
  title     = {Effects of using activity diary for goal setting in occupational therapy on reducing pain and improving psychological and physical performance in patients after total knee arthroplasty: A non-randomised controlled study},
  author    = {Hiraga, Yuki and Hisano, Shinya and Nomiyama, Katsuhiro and Hirakawa, Yoshiyuki},
  journal   = {Hong Kong Journal of Occupational Therapy},
  volume    = {32},
  number    = {1},
  pages     = {53--61},
  year      = {2019},
  publisher = {SAGE Publications Sage UK: London, England}
}

@article{loneliness,
  author  = {Buecker, Susanne and Horstmann, Kai T.},
  title   = {Loneliness and Social Isolation During the COVID-19 Pandemic},
  journal = {European Psychologist},
  volume  = {26},
  number  = {4},
  pages   = {272-284},
  year    = {2021},
  doi     = {10.1027/1016-9040/a000453},
  url     = { https://doi.org/10.1027/1016-9040/a000453},
  eprint  = { https://doi.org/10.1027/1016-9040/a000453}
}


@article{moher2015preferred,
  title     = {Preferred reporting items for systematic review and meta-analysis protocols (PRISMA-P) 2015 statement},
  author    = {Moher, David and Shamseer, Larissa and Clarke, Mike and Ghersi, Davina and Liberati, Alessandro and Petticrew, Mark and Shekelle, Paul and Stewart, Lesley A},
  journal   = {Systematic reviews},
  volume    = {4},
  number    = {1},
  pages     = {1--9},
  year      = {2015},
  publisher = {BioMed Central}
}
      
@inproceedings{myers2020evaluating,
  title        = {Evaluating commercially available mobile apps for depression self-management},
  author       = {Myers, Annie and Chesebrough, Lewis and Hu, Ruixuan and Turchioe, Meghan Reading and Pathak, Jyotishman and Creber, Ruth Masterson},
  booktitle    = {AMIA Annual Symposium Proceedings},
  volume       = {2020},
  pages        = {906},
  year         = {2020},
  organization = {American Medical Informatics Association}
}

@article{schueller2021understanding,
  title     = {Understanding peoples use of and perspectives on mood-tracking apps: interview study},
  author    = {Schueller, Stephen M and Neary, Martha and Lai, Jocelyn and Epstein, Daniel A},
  journal   = {JMIR mental health},
  volume    = {8},
  number    = {8},
  pages     = {e29368},
  year      = {2021},
  publisher = {JMIR Publications Inc., Toronto, Canada}
}

@article{shiffman2008ecological,
  title     = {Ecological momentary assessment},
  author    = {Shiffman, Saul and Stone, Arthur A and Hufford, Michael R},
  journal   = {Annu. Rev. Clin. Psychol.},
  volume    = {4},
  pages     = {1--32},
  year      = {2008},
  publisher = {Annual Reviews}
}

@article{blei2003latent,
  title={Latent dirichlet allocation},
  author={Blei, David M and Ng, Andrew Y and Jordan, Michael I},
  journal={Journal of machine Learning research},
  volume={3},
  number={Jan},
  pages={993--1022},
  year={2003}
}